#-----------------------------CLEAN-----------------------------
@article{hogbom1974aperture,
	title={Aperture synthesis with a non-regular distribution of interferometer baselines},
	author={H{\"o}gbom, JA},
	journal={Astronomy and Astrophysics Supplement Series},
	volume={15},
	pages={417},
	year={1974}
}

@article{schwab1984relaxing,
	title={Relaxing the isoplanatism assumption in self-calibration; applications to low-frequency radio interferometry},
	author={Schwab, FR},
	journal={The Astronomical Journal},
	volume={89},
	pages={1076--1081},
	year={1984}
}

@article{rich2008multi,
	title={Multi-scale CLEAN: A comparison of its performance against classical CLEAN on galaxies using THINGS},
	author={Rich, JW and De Blok, WJG and Cornwell, TJ and Brinks, Elias and Walter, Fabian and Bagetakos, Ioannis and Kennicutt Jr, RC},
	journal={The Astronomical Journal},
	volume={136},
	number={6},
	pages={2897},
	year={2008},
	publisher={IOP Publishing}
}

@article{rau2011multi,
	title={A multi-scale multi-frequency deconvolution algorithm for synthesis imaging in radio interferometry},
	author={Rau, Urvashi and Cornwell, Tim J},
	journal={Astronomy \& Astrophysics},
	volume={532},
	pages={A71},
	year={2011},
	publisher={EDP Sciences}
}



#-----------------------------Compressed Sensing-----------------------------

@article{candes2006robust,
	title={Robust uncertainty principles: Exact signal reconstruction from highly incomplete frequency information},
	author={Cand{\`e}s, Emmanuel J and Romberg, Justin and Tao, Terence},
	journal={IEEE Transactions on information theory},
	volume={52},
	number={2},
	pages={489--509},
	year={2006},
	publisher={IEEE}
}

@article{donoho2006compressed,
  title={Compressed sensing},
  author={Donoho, David L},
  journal={IEEE Transactions on information theory},
  volume={52},
  number={4},
  pages={1289--1306},
  year={2006},
  publisher={IEEE}
}

@article{starck2015starlet,
	title={Starlet transform in astronomical data processing},
	author={Starck, Jean-Luc and Murtagh, Fionn and Bertero, Mario},
	journal={Handbook of Mathematical Methods in Imaging},
	pages={2053--2098},
	year={2015},
	publisher={Springer}
}

@article{hardy2013direct,
	title={Direct deconvolution of radio synthesis images using l1 minimisation},
	author={Hardy, Stephen J},
	journal={Astronomy \& Astrophysics},
	volume={557},
	pages={A134},
	year={2013},
	publisher={EDP Sciences}
}

@article{girard2015sparse,
	title={Sparse representations and convex optimization as tools for LOFAR radio interferometric imaging},
	author={Girard, Julien N and Garsden, Hugh and Starck, Jean Luc and Corbel, St{\'e}phane and Woiselle, Arnaud and Tasse, Cyril and McKean, John P and Bobin, J{\'e}r{\^o}me},
	journal={Journal of Instrumentation},
	volume={10},
	number={08},
	pages={C08013},
	year={2015},
	publisher={IOP Publishing}
}

@article{luo1992convergence,
	title={On the convergence of the coordinate descent method for convex differentiable minimization},
	author={Luo, Zhi-Quan and Tseng, Paul},
	journal={Journal of Optimization Theory and Applications},
	volume={72},
	number={1},
	pages={7--35},
	year={1992},
	publisher={Springer}
}


@article{felix2017compressed,
	title={A Compressed Sensing-based Image Reconstruction Algorithm for Solar Flare X-Ray Observations},
	author={Felix, Simon and Bolzern, Roman and Battaglia, Marina},
	journal={The Astrophysical Journal},
	volume={849},
	number={1},
	pages={10},
	year={2017},
	publisher={IOP Publishing}
}

@article{friedman2010regularization,
	title={Regularization paths for generalized linear models via coordinate descent},
	author={Friedman, Jerome and Hastie, Trevor and Tibshirani, Rob},
	journal={Journal of statistical software},
	volume={33},
	number={1},
	pages={1},
	year={2010},
	publisher={NIH Public Access}
}

@article{dabbech2017wEffect,
	title={The w-effect in interferometric imaging: from a fast sparse measurement operator to superresolution},
	author={Dabbech, Arwa and Wolz, Laura and Pratley, Luke and McEwen, Jason D and Wiaux, Yves},
	journal={Monthly Notices of the Royal Astronomical Society},
	volume={471},
	number={4},
	pages={4300--4313},
	year={2017},
	publisher={Oxford University Press}
}

#-----------------------------Radio Astronomy Resources-----------------------------
@article{cornwell2008noncoplanar,
  title={The noncoplanar baselines effect in radio interferometry: The W-projection algorithm},
  author={Cornwell, Tim J and Golap, Kumar and Bhatnagar, Sanjay},
  journal={IEEE Journal of Selected Topics in Signal Processing},
  volume={2},
  number={5},
  pages={647--657},
  year={2008},
  publisher={IEEE}
}

@article{offringa2014wsclean,
	title={WSCLEAN: an implementation of a fast, generic wide-field imager for radio astronomy},
	author={Offringa, AR and McKinley, Benjamin and Hurley-Walker, Natasha and Briggs, FH and Wayth, RB and Kaplan, DL and Bell, ME and Feng, Lu and Neben, AR and Hughes, JD and others},
	journal={Monthly Notices of the Royal Astronomical Society},
	volume={444},
	number={1},
	pages={606--619},
	year={2014},
	publisher={The Royal Astronomical Society}
}

@online{nraoG55,
	author = {National Radio Astronomy Observations},
	title = {Glowing Bubble of an Exploded Star},
	year = 2016,
	url = {https://public.nrao.edu/gallery/glowing-bubble-of-an-exploded-star/},
	urldate = {2018-07-17}
}

@online{casaImagingGuide,
	author = {National Radio Astronomy Observations},
	title = {VLA CASA Imaging-CASA5.0.0},
	year = 2017,
	url = {https://casaguides.nrao.edu/index.php/VLA_CASA_Imaging-CASA5.0.0},
	urldate = {2018-07-17}
}

@article{pratley2017robust,
	title={Robust sparse image reconstruction of radio interferometric observations with PURIFY},
	author={Pratley, Luke and McEwen, Jason D and d'Avezac, Mayeul and Carrillo, Rafael E and Onose, Alexandru and Wiaux, Yves},
	journal={Monthly Notices of the Royal Astronomical Society},
	volume={473},
	number={1},
	pages={1038--1058},
	year={2017},
	publisher={Oxford University Press}
}

@article{pratley2018fast,
	title={A fast and exact $ w $-stacking and $ w $-projection hybrid algorithm for wide-field interferometric imaging},
	author={Pratley, Luke and Johnston-Hollitt, Melanie and McEwen, Jason D},
	journal={arXiv preprint arXiv:1807.09239},
	year={2018}
}

@article{shaw2014all,
	title={All-sky interferometry with spherical harmonic transit telescopes},
	author={Shaw, J Richard and Sigurdson, Kris and Pen, Ue-Li and Stebbins, Albert and Sitwell, Michael},
	journal={The Astrophysical Journal},
	volume={781},
	number={2},
	pages={57},
	year={2014},
	publisher={IOP Publishing}
}

@book{thompson1986interferometry,
	title={Interferometry and synthesis in radio astronomy},
	author={Thompson, Anthony Richard and Moran, James M and Swenson, George Warner and others},
	year={1986},
	publisher={Springer}
}

@article{smirnov2011revisiting,
	title={Revisiting the radio interferometer measurement equation-I. A full-sky Jones formalism},
	author={Smirnov, Oleg M},
	journal={Astronomy \& Astrophysics},
	volume={527},
	pages={A106},
	year={2011},
	publisher={EDP Sciences}
}

@article{intema2009ionospheric,
	title={Ionospheric calibration of low frequency radio interferometric observations using the peeling scheme-I. Method description and first results},
	author={Intema, HT and Van der Tol, S and Cotton, WD and Cohen, AS and Van Bemmel, IM and R{\"o}ttgering, HJA},
	journal={Astronomy \& Astrophysics},
	volume={501},
	number={3},
	pages={1185--1205},
	year={2009},
	publisher={EDP Sciences}
}

#-----------------------------Wiaux Algo-----------------------------

@article{dabbech2018cygnus,
	title={Cygnus A super-resolved via convex optimization from VLA data},
	author={Dabbech, Arwa and Onose, Alexandru and Abdulaziz, Abdullah and Perley, Richard A and Smirnov, Oleg M and Wiaux, Yves},
	journal={Monthly Notices of the Royal Astronomical Society},
	volume={476},
	number={3},
	pages={2853--2866},
	year={2018},
	publisher={Oxford University Press}
}

@article{birdi2018sparse,
	title={Sparse interferometric Stokes imaging under polarization constraint (Polarized SARA)},
	author={Birdi, Jasleen and Repetti, Audrey and Wiaux, Yves},
	journal={arXiv preprint arXiv:1801.02417},
	year={2018}
}

@article{mcewen2011compressed,
	title={Compressed sensing for wide-field radio interferometric imaging},
	author={McEwen, Jason D and Wiaux, Yves},
	journal={Monthly Notices of the Royal Astronomical Society},
	volume={413},
	number={2},
	pages={1318--1332},
	year={2011},
	publisher={The Royal Astronomical Society}
}

#--------------------spherical---------------------
@article{mcewen2013sparse,
	title={Sparse image reconstruction on the sphere: implications of a new sampling theorem},
	author={McEwen, Jason D and Puy, Gilles and Thiran, Jean-Philippe and Vandergheynst, Pierre and Van De Ville, Dimitri and Wiaux, Yves},
	journal={IEEE Transactions on image processing},
	volume={22},
	number={6},
	pages={2275--2285},
	year={2013},
	publisher={IEEE}
}

@article{carozzi2015imaging,
	title={Imaging on a sphere with interferometers: the spherical wave harmonic transform},
	author={Carozzi, TD},
	journal={Monthly Notices of the Royal Astronomical Society: Letters},
	volume={451},
	number={1},
	pages={L6--L10},
	year={2015},
	publisher={Oxford University Press}
}


@article{schaeffer2013efficient,
	title={Efficient spherical harmonic transforms aimed at pseudospectral numerical simulations},
	author={Schaeffer, Nathana{\"e}l},
	journal={Geochemistry, Geophysics, Geosystems},
	volume={14},
	number={3},
	pages={751--758},
	year={2013},
	publisher={Wiley Online Library}
}

@article{mcewen2008simulating,
	title={Simulating full-sky interferometric observations},
	author={McEwen, JD and Scaife, AMM},
	journal={Monthly Notices of the Royal Astronomical Society},
	volume={389},
	number={3},
	pages={1163--1178},
	year={2008},
	publisher={Blackwell Publishing Ltd Oxford, UK}
}

@article{kunisnonequispaced,
	title={Nonequispaced FFT},
	author={Kunis, Stefan and Keiner, J and Potts, D},
	journal={Available: www-user. tu-chemnitz. de/skunis/paper/lecturenfft. pdf}
}